<?xml version="1.0" encoding="UTF-8"?><collection xmlns="http://www.loc.gov/MARC21/slim"><record><leader>00315nam--2200121-i-4500</leader><controlfield tag="001">000040225</controlfield><controlfield tag="002">20161230</controlfield><controlfield tag="005">20161230201042</controlfield><controlfield tag="008">060222s1000------------r-----000-0-eng-d</controlfield><datafield ind1=" " ind2=" " tag="100"><subfield code="a">Sams, Howard W</subfield></datafield><datafield ind1=" " ind2=" " tag="245"><subfield code="a">Transistor substitution handbook</subfield></datafield><datafield ind1=" " ind2=" " tag="260"><subfield code="a">New York, The Bobbs-merrill Co.Inc.,1962. 127 P</subfield></datafield><datafield ind1=" " ind2=" " tag="852"><subfield code="a">17706</subfield></datafield></record></collection>